@article{auer2002nonstochastic,
  title={The nonstochastic multiarmed bandit problem},
  author={Auer, Peter and Cesa-Bianchi, Nicolo and Freund, Yoav and Schapire, Robert E},
  journal={SIAM journal on computing},
  volume={32},
  number={1},
  pages={48--77},
  year={2002},
  publisher={SIAM}
}
@article{bubeck2012regret,
	title={Regret analysis of stochastic and nonstochastic multi-armed bandit problems},
	author={Bubeck, S{\'e}bastien and Cesa-Bianchi, Nicolo and others},
	journal={Foundations and Trends{\textregistered} in Machine Learning},
	volume={5},
	number={1},
	pages={1--122},
	year={2012},
	publisher={Now Publishers, Inc.}
}
@inproceedings{neu2015explore,
	title={Explore no more: Improved high-probability regret bounds for non-stochastic bandits},
	author={Neu, Gergely},
	booktitle={Advances in Neural Information Processing Systems},
	pages={3168--3176},
	year={2015}
}
@article{auer2002finite,
	title={Finite-time analysis of the multiarmed bandit problem},
	author={Auer, Peter and Cesa-Bianchi, Nicolo and Fischer, Paul},
	journal={Machine learning},
	volume={47},
	number={2-3},
	pages={235--256},
	year={2002},
	publisher={Springer}
}
@inproceedings{kaufmann2012thompson,
	title={Thompson Sampling: An Asymptotically Optimal Finite-Time Analysis.},
	author={Kaufmann, Emilie and Korda, Nathaniel and Munos, R{\'e}mi},
	booktitle={ALT},
	volume={12},
	pages={199--213},
	year={2012},
	organization={Springer}
}
